<record><leader>00000cas a2200000 a 4500</leader><controlfield tag="001">56843330</controlfield><controlfield tag="008">041029d19651972cauwr ne      0    0eng c</controlfield><datafield ind1=" " ind2=" " tag="010"><subfield code="a">sn2004061018</subfield></datafield><datafield ind1=" " ind2=" " tag="040"><subfield code="a">CNK</subfield><subfield code="b">eng</subfield><subfield code="c">CNK</subfield><subfield code="d">OCLCQ</subfield><subfield code="d">OCLCF</subfield><subfield code="d">OCLCO</subfield></datafield><datafield ind1="1" ind2=" " tag="029"><subfield code="a">AU@</subfield><subfield code="b">000026332422</subfield></datafield><datafield ind1=" " ind2=" " tag="042"><subfield code="a">pcc</subfield></datafield><datafield ind1=" " ind2=" " tag="043"><subfield code="a">n-us-ca</subfield></datafield><datafield ind1="0" ind2="4" tag="245"><subfield code="a">The Laguna Hills Leisure World news.</subfield></datafield><datafield ind1=" " ind2=" " tag="260"><subfield code="a">Laguna Hills, Calif. :</subfield><subfield code="b">Rossmoor Leisure World</subfield></datafield><datafield ind1=" " ind2=" " tag="300"><subfield code="a">v.</subfield></datafield><datafield ind1=" " ind2=" " tag="310"><subfield code="a">Weekly</subfield></datafield><datafield ind1="0" ind2=" " tag="362"><subfield code="a">Vol. 1, no. 2 (Mar. 25, 1965)-v. 8, no. 41 (Dec. 28, 1972).</subfield></datafield><datafield ind1=" " ind2="0" tag="651"><subfield code="a">Laguna Hills (Calif.)</subfield><subfield code="v">Newspapers.</subfield></datafield><datafield ind1=" " ind2="0" tag="651"><subfield code="a">Leisure World (Calif.)</subfield><subfield code="v">Newspapers.</subfield></datafield><datafield ind1=" " ind2="7" tag="655"><subfield code="a">Newspapers.</subfield><subfield code="2">fast</subfield><subfield code="0">(OCoLC)fst01423814</subfield></datafield><datafield ind1=" " ind2="7" tag="651"><subfield code="a">California</subfield><subfield code="z">Laguna Hills.</subfield><subfield code="2">fast</subfield><subfield code="0">(OCoLC)fst01253144</subfield></datafield><datafield ind1=" " ind2="7" tag="651"><subfield code="a">California</subfield><subfield code="z">Leisure World.</subfield><subfield code="2">fast</subfield><subfield code="0">(OCoLC)fst01252986</subfield></datafield><datafield ind1=" " ind2=" " tag="752"><subfield code="a">United States</subfield><subfield code="b">California</subfield><subfield code="c">Orange</subfield><subfield code="d">Laguna Hills.</subfield></datafield><datafield ind1="0" ind2="0" tag="780"><subfield code="t">Leisure World news (Laguna Hills, Calif. : Laguna Hills ed.)</subfield><subfield code="w">(DLC)sn2004061017</subfield></datafield><datafield ind1="0" ind2="0" tag="785"><subfield code="t">Laguna Hills news</subfield><subfield code="w">(DLC)sn2002060201</subfield></datafield></record>